@article{dijkstra1959note,
  title={A note on two problems in connexion with graphs},
  author={Edsger W. Dijkstra},
  journal={Numerische Mathematik},
  year={1959},
  volume={1},
  pages={269-271}
}